%%%% Guide til bibtex og litteratur.bib %%%%

% Alle kilder angives efter Harvard-metoden og vil i rapporten fremstaa med [FORFATTER, AAR] eller mere praecist [EFTERNAVN, AAR].

% Nederst findes eksempler paa kildeangivelser af typerne manual, book, article, techreport og misc.
	% - Manual bruges ved henvisninger fra internettet, idet \url-funktionen findes her
	% - Book bruges ved helt almindelige boeger
	% - Article bruges ved artikler og udgivelser
	% - Techreport kan bruges ved mindre udgivelser, hvor kun titel, forfatter og AAR er noedvendig eller tilgaengelig
	% - Misc kan bruges ved det, der falder udenfor de andre kategorier - interview, forelaesninger, foredrag osv. 

% Hvis der er flere forfattere paa en kilde, SKAL de listes med 'and' imellem dem - ogsaa ved 3 og derover (f.eks. FORFATTER 1 and FORFATTER 2 and FORFATTER 3). NAAR kildelisten bygges i rapporten, vil der ved 2 forfattere komme til at staa [EFTERNAVN 1 og EFTERNAVN 2, AAR] og ved 3 forfattere og derover komme til at staa [EFTERNAVN 1 et. al, AAR]. 

% Ved almindelige forfatternavne skal der vaere Ã©t saet tuborg-parenteser ved Author (f.eks. author = {H. C. Andersen}). Ved andre navne (f.eks. virksomheder, hjemmesider, grupper, raad, naevn osv.) skal der vaere 2 saet tuborg-parenteser ved Author (f.eks. author = {{Dansk Standard}}). Begrundelse: med 2 saet tuborg-parenteser skrives hele parentesen ud som forfatter, [Dansk Standard, AAR]. Alternativt ville der i eksemplet bare komme til at staa [Standard, AAR].

%-----------------------------------------------------%

@ARTICLE{McCarthy60,
  KEY           = "McCarthy60",
  AUTHOR        = "John McCarthy",
  TITLE         = "Recursive Functions of Symbolic Expressions and Their
                   Computation by Machine, Part I",
  JOURNAL       = "Communications of the ACM",
  YEAR          = "1960",
  MONTH         = "April",
  ANNOTE        = "",
  COMMENT       = ""}

@misc{hu2021lora,
      title={LoRA: Low-Rank Adaptation of Large Language Models}, 
      author={Edward J. Hu and Yelong Shen and Phillip Wallis and Zeyuan Allen-Zhu and Yuanzhi Li and Shean Wang and Lu Wang and Weizhu Chen},
      year={2021},
      eprint={2106.09685},
      archivePrefix={arXiv},
      primaryClass={cs.CL}
}

@misc{vaswani2023attention,
      title={Attention Is All You Need}, 
      author={Ashish Vaswani and Noam Shazeer and Niki Parmar and Jakob Uszkoreit and Llion Jones and Aidan N. Gomez and Lukasz Kaiser and Illia Polosukhin},
      year={2017},
      eprint={1706.03762},
      archivePrefix={arXiv},
      primaryClass={cs.CL}
}

@misc{lv2023parameter,
      title={Full Parameter Fine-tuning for Large Language Models with Limited Resources}, 
      author={Kai Lv and Yuqing Yang and Tengxiao Liu and Qinghui Gao and Qipeng Guo and Xipeng Qiu},
      year={2023},
      eprint={2306.09782},
      archivePrefix={arXiv},
      primaryClass={cs.CL}
}

@misc{yang2023large,
      title={Large Language Models as Optimizers}, 
      author={Chengrun Yang and Xuezhi Wang and Yifeng Lu and Hanxiao Liu and Quoc V. Le and Denny Zhou and Xinyun Chen},
      year={2023},
      eprint={2309.03409},
      archivePrefix={arXiv},
      primaryClass={cs.LG}
}

@misc{zhu2023survey,
      title={A Survey on Model Compression for Large Language Models}, 
      author={Xunyu Zhu and Jian Li and Yong Liu and Can Ma and Weiping Wang},
      year={2023},
      eprint={2308.07633},
      archivePrefix={arXiv},
      primaryClass={cs.CL}
}

@inproceedings{gliwa-etal-2019-samsum,
    title = "{SAMS}um Corpus: A Human-annotated Dialogue Dataset for Abstractive Summarization",
    author = "Gliwa, Bogdan  and
      Mochol, Iwona  and
      Biesek, Maciej  and
      Wawer, Aleksander",
    booktitle = "Proceedings of the 2nd Workshop on New Frontiers in Summarization",
    month = nov,
    year = "2019",
    address = "Hong Kong, China",
    publisher = "Association for Computational Linguistics",
    url = "https://www.aclweb.org/anthology/D19-5409",
    doi = "10.18653/v1/D19-5409",
    pages = "70--79"
}

@inproceedings{lin-2004-rouge,
    title = "{ROUGE}: A Package for Automatic Evaluation of Summaries",
    author = "Lin, Chin-Yew",
    booktitle = "Text Summarization Branches Out",
    month = jul,
    year = "2004",
    address = "Barcelona, Spain",
    publisher = "Association for Computational Linguistics",
    url = "https://aclanthology.org/W04-1013",
    pages = "74--81",
}

@misc{aghajanyan2020intrinsic,
      title={Intrinsic Dimensionality Explains the Effectiveness of Language Model Fine-Tuning}, 
      author={Armen Aghajanyan and Luke Zettlemoyer and Sonal Gupta},
      year={2020},
      eprint={2012.13255},
      archivePrefix={arXiv},
      primaryClass={cs.LG}
}